% -*- coding:utf-8; mode:bibtex; -*-

% Copyright (C) 2018 Moritz Klammler <moritz.klammler@student.kit.edu>
%
% Copying and distribution of this file, with or without modification, are permitted in any medium without royalty
% provided the copyright notice and this notice are preserved.  This file is offered as-is, without any warranty.

@book{Lindenmayer1990,
  author = {Prusinkiewicz, Przemyslaw and Lindenmayer, Aristid},
  publisher = {Springer},
  url = {http://algorithmicbotany.org/papers/\#abop},
  date = {1990},
  isbn = {978-0-387-97297-8},
  title = {The Algorithmic Beauty of Plants},
  urldate = {2018-02-28},
}

@book{Cover1991,
  author = {Cover, T. M. and Thomas, J. A.},
  publisher = {Wiley},
  url = {https://pdfs.semanticscholar.org/881c/f0ccc5a9dbb772d5a07671773f3c14b551c2.pdf},
  date = {1991},
  isbn = {978-0-471-06259-2},
  series = {Wiley series in telecommunications},
  title = {Elements of information theory},
  urldate = {2018-03-13},
}

@book{Golub1996,
  author = {Golub, Gene H. and van Loan, Charles F.},
  publisher = {Johns Hopkins University Press},
  date = {1996},
  edition = {3},
  isbn = {978-0-8018-5414-9},
  title = {Matrix Computations},
}

@book{Mitchell1996,
  author = {Mitchell, Melanie},
  location = {Cambridge, MA},
  publisher = {MIT Press},
  date = {1996},
  isbn = {978-0-585-03094-4},
  title = {An Introduction to Genetic Algorithms},
}

@book{Jolliffe2002,
  author = {Jolliffe, I. T.},
  publisher = {Springer},
  date = {2002},
  doi = {10.1007/b98835},
  edition = {2},
  isbn = {978-0-387-95442-4},
  title = {Principal Component Analysis},
}

@book{Sanders2008,
  author = {Mehlhorn, K. and Sanders, P.},
  publisher = {Springer},
  date = {2008},
  doi = {10.1007/978-3-540-77978-0},
  isbn = {978-3-540-77977-3},
  title = {Algorithms and Data Structures: The Basic Toolbox},
}

@book{Findenegg2015,
  author = {Findenegg, Gerhard H. and Hellweg, Thomas},
  publisher = {Springer Spektrum},
  date = {2015},
  doi = {10.1007/978-3-642-37872-0},
  edition = {2},
  isbn = {978-3-642-37871-3},
  title = {Statistische Thermodynamik},
}

@book{Lombardi2003,
  author = {Lombardi, Mark},
  editor = {Hobbs, Robert Carleton and Richards, Judith},
  publisher = {Independent Curators International},
  date = {2003},
  isbn = {978-0-916365-67-7},
  title = {Global Networks},
}

@book{Tollis1999,
  author = {Tollis, Ioannis G. and Di Battista, Giuseppe and Eades, Peter and Tamassia, Roberto},
  publisher = {Pearson},
  date = {1999},
  isbn = {978-0-13-301615-4},
  title = {Graph Drawing: Algorithms for the Visualization of Graphs},
}

@book{Tamassia2013,
  author = {Tamassia, R.},
  publisher = {CRC Press},
  date = {2013},
  isbn = {978-1-4200-1026-8},
  series = {Discrete Mathematics and Its Applications},
  title = {Handbook of Graph Drawing and Visualization},
}

@inbook{Jaynes1963,
  author = {Jaynes, E. T.},
  editor = {Ford, K.},
  location = {New York},
  publisher = {Benjamin},
  url = {http://bayes.wustl.edu/etj/articles/brandeis.pdf},
  booktitle = {Statistical Physics},
  date = {1963},
  number = {3},
  pages = {181--218},
  series = {Brandeis University Summer Institute Lectures in Theoretical Physics},
  title = {Information Theory and Statistical Mechanics},
  urldate = {2018-03-13},
}

@inbook{MatrixMarket,
  author = {Boisvert, Ronald F. and Pozo, Roldan and Remington, Karin and Barrett, Richard F. and Dongarra, Jack J.},
  editor = {Boisvert, Ronald F.},
  publisher = {Springer},
  booktitle = {Quality of Numerical Software: Assessment and enhancement},
  date = {1997},
  doi = {10.1007/978-1-5041-2940-4\_9},
  isbn = {978-1-5041-2940-4},
  pages = {125--137},
  title = {Matrix Market: a web resource for test matrix collections},
}

@inbook{LeCun1998,
  author = {LeCun, Yann and Bottou, Leon and Orr, Genevieve B. and M\"{u}ller, Klaus-Robert},
  editor = {Orr, Genevieve B. and M\"{u}ller, Klaus-Robert},
  location = {Berlin, Heidelberg},
  publisher = {Springer Berlin Heidelberg},
  booktitle = {Neural Networks: Tricks of the Trade},
  date = {1998},
  doi = {10.1007/3-540-49430-8\_2},
  isbn = {978-3-540-49430-0},
  pages = {9--50},
  title = {Efficient BackProp},
}

@inbook{Kobourov2013,
  author = {Kobourov, Stephen G.},
  editor = {Tamassia, Roberto},
  publisher = {CRC Press},
  booktitle = {Handbook of Graph Drawing and Visualization},
  chapter = {12},
  date = {2013},
  isbn = {978-1-4200-1026-8},
  pages = {383--408},
  title = {Force-Directed Drawing Algorithms},
}

@inbook{OGDF,
  author = {Chimani, M. and Gutwenger, C. and J\"{u}nger, M. and Klau, G. W. and Klein, K. and Mutzel, P.},
  editor = {Tamassia, Roberto},
  publisher = {CRC Press},
  booktitle = {Handbook of Graph Drawing and Visualization},
  chapter = {17},
  date = {2013},
  isbn = {978-1-4200-1026-8},
  pages = {543--570},
  title = {The Open Graph Drawing Framework (OGDF)},
}

@inproceedings{Masui1994,
  author = {Masui, Toshiyuki},
  location = {Marina del Rey, California, USA},
  publisher = {ACM},
  booktitle = {Proceedings of the 7th Annual ACM Symposium on User Interface Software and Technology},
  date = {1994},
  doi = {10.1145/192426.192468},
  isbn = {978-0-89791-657-8},
  pages = {103--108},
  series = {UIST '94},
  title = {Evolutionary Learning of Graph Layout Constraints from Examples},
}

@inproceedings{Bromley1994,
  author = {Bromley, Jane and Guyon, Isabelle and LeCun, Yann and S\"{a}ckinger, Eduard and Shah, Roopak},
  booktitle = {Advances in Neural Information Processing Systems},
  date = {1994},
  pages = {737--744},
  title = {Signature verification using a ``siamese'' time delay neural network},
}

@inproceedings{Kohavi1995,
  author = {Kohavi, Ron and others},
  booktitle = {Ijcai},
  date = {1995},
  number = {2},
  pages = {1137--1145},
  title = {A study of cross-validation and bootstrap for accuracy estimation and model selection},
  volume = {14},
}

@inproceedings{Purchase1997,
  author = {Purchase, Helen},
  editor = {DiBattista, Giuseppe},
  location = {Berlin, Heidelberg},
  publisher = {Springer Berlin Heidelberg},
  booktitle = {Graph Drawing},
  date = {1997},
  isbn = {978-3-540-69674-2},
  pages = {248--261},
  title = {Which aesthetic has the greatest effect on human understanding?},
}

@inproceedings{Meyer1998,
  author = {Meyer, Bernd},
  editor = {Whitesides, Sue H.},
  location = {Berlin, Heidelberg},
  publisher = {Springer Berlin Heidelberg},
  booktitle = {Graph Drawing},
  date = {1998},
  isbn = {978-3-540-37623-1},
  pages = {246--262},
  title = {Self-Organizing Graphs -- A Neural Network Perspective of Graph Layout},
}

@inproceedings{GraphMLReport,
  author = {Brandes, Ulrik and Eiglsperger, Markus and Herman, Ivan and Himsolt, Michael and Marshall, M. Scott},
  editor = {Mutzel, Petra and J\"{u}nger, Michael and Leipert, Sebastian},
  publisher = {Springer},
  booktitle = {Graph Drawing},
  date = {2002},
  doi = {10.1007/3-540-45848-4\_59},
  isbn = {978-3-540-45848-7},
  pages = {501--512},
  title = {GraphML Progress Report Structural Layer Proposal},
}

@inproceedings{Hachul2005,
  author = {Hachul, Stefan and J\"{u}nger, Michael},
  editor = {Pach, J\'{a}nos},
  location = {Berlin, Heidelberg},
  publisher = {Springer Berlin Heidelberg},
  booktitle = {Graph Drawing},
  date = {2005},
  doi = {10.1007/978-3-540-31843-9\_29},
  isbn = {978-3-540-31843-9},
  pages = {285--295},
  title = {Drawing Large Graphs with a Potential-Field-Based Multilevel Algorithm},
}

@inproceedings{Gansner2005,
  author = {Gansner, Emden R. and Koren, Yehuda and North, Stephen},
  editor = {Pach, J\'{a}nos},
  location = {Berlin, Heidelberg},
  publisher = {Springer Berlin Heidelberg},
  booktitle = {Graph Drawing},
  date = {2005},
  doi = {10.1007/978-3-540-31843-9\_25},
  isbn = {978-3-540-31843-9},
  pages = {239--250},
  title = {Graph Drawing by Stress Majorization},
}

@inproceedings{Schaefer2006,
  author = {Schaefer, Scott and McPhail, Travis and Warren, Joe},
  organization = {ACM},
  booktitle = {ACM transactions on graphics (TOG)},
  date = {2006},
  doi = {10.1145/1141911.1141920},
  number = {3},
  pages = {533--540},
  title = {Image Deformation Using Moving Least Squares},
  volume = {25},
}

@inproceedings{Brandes2007,
  author = {Brandes, Ulrik and Pich, Christian},
  editor = {Kaufmann, Michael and Wagner, Dorothea},
  publisher = {Springer Berlin Heidelberg},
  booktitle = {Graph Drawing},
  date = {2007},
  doi = {10.1007/978-3-540-70904-6\_6},
  isbn = {978-3-540-70904-6},
  pages = {42--53},
  title = {Eigensolver Methods for Progressive Multidimensional Scaling of Large Data},
}

@inproceedings{Koren2008,
  author = {Koren, Yehuda and \c{C}ivril, Ali},
  publisher = {Springer},
  booktitle = {International Symposium on Graph Drawing},
  date = {2008},
  pages = {193--205},
  title = {The binary stress model for graph drawing},
}

@inproceedings{Bach2012,
  author = {Bach, Benjamin and Spritzer, Andr\'{e} and Lutton, Evelyne and Fekete, Jean-Daniel},
  editor = {Didimo, W. and Patrignani, M.},
  location = {Berlin, Germany},
  publisher = {Springer},
  booktitle = {Graph Drawing},
  date = {2012-09},
  doi = {10.1007/978-3-642-36763-2\_48},
  pages = {541--552},
  series = {Lecture Notes in Computer Science},
  title = {Interactive Random Graph Generation with Evolutionary Algorithms},
  volume = {7704},
}

@inproceedings{Purchase2013,
  author = {Purchase, Helen C. and Hamer, John and N\"{o}llenburg, Martin and Kobourov, Stephen G.},
  editor = {Didimo, Walter and Patrignani, Maurizio},
  location = {Berlin, Heidelberg},
  publisher = {Springer Berlin Heidelberg},
  booktitle = {Graph Drawing},
  date = {2013},
  isbn = {978-3-642-36763-2},
  pages = {451--462},
  title = {On the Usability of Lombardi Graph Drawings},
}

@inproceedings{Raissa2015,
  author = {dos Santos Vieira, Raissa and do Nascimento, Hugo Alexandre Dantas and da Silva, Wanderson Barcelos},
  booktitle = {Proc. International Conference on Information, Process, and Knowledge Management},
  date = {2015},
  pages = {112--118},
  title = {The Application of Machine Learning to Problems in Graph Drawing -- A Literature Review},
}

@article{Dirac1939,
  author = {Dirac, P. A. M.},
  publisher = {Cambridge University Press},
  date = {1939},
  doi = {10.1017/S0305004100021162},
  journaltitle = {Mathematical Proceedings of the Cambridge Philosophical Society},
  number = {3},
  pages = {416--418},
  title = {A new notation for quantum mechanics},
  volume = {35},
}

@article{Shannon1948,
  author = {Shannon, Claude Elwood},
  publisher = {Nokia Bell Labs},
  date = {1948-10},
  doi = {10.1002/j.1538-7305.1948.tb00917.x},
  issn = {0005-8580},
  journaltitle = {The Bell System Technical Journal},
  number = {4},
  pages = {623--656},
  title = {A mathematical theory of communication},
  volume = {27},
}

@article{Floyd1962,
  author = {Floyd, Robert W.},
  publisher = {ACM},
  date = {1962-06},
  doi = {10.1145/367766.368168},
  issn = {0001-0782},
  journaltitle = {Communications of the ACM},
  number = {6},
  title = {Algorithm 97: Shortest Path},
  volume = {5},
}

@article{Dial1969,
  author = {Dial, Robert B.},
  publisher = {ACM},
  date = {1969-11},
  doi = {10.1145/363269.363610},
  issn = {0001-0782},
  journaltitle = {Communications of the ACM},
  number = {11},
  pages = {632--633},
  title = {Algorithm 360: Shortest-path Forest with Topological Ordering [H]},
  volume = {12},
}

@article{Lazo1978,
  author = {Lazo, Aida C. G. Verdugo and Rathie, Pushpa N.},
  date = {1978},
  doi = {10.1109/TIT.1978.1055832},
  journaltitle = {IEEE Transactions on Information Theory},
  number = {1},
  pages = {120--122},
  title = {On the entropy of continuous probability distributions},
  volume = {24},
}

@article{Scott1979,
  author = {Scott, David W.},
  date = {1979},
  doi = {10.1093/biomet/66.3.605},
  journaltitle = {Biometrika},
  number = {3},
  pages = {605--610},
  title = {On optimal and data-based histograms},
  volume = {66},
}

@article{Kirkpatrick1983,
  author = {Kirkpatrick, S. and Gelatt, C. D. and Vecchi, M. P.},
  publisher = {American Association for the Advancement of Science},
  date = {1983},
  doi = {10.1126/science.220.4598.671},
  eprint = {http://science.sciencemag.org/content/220/4598/671.full.pdf},
  issn = {0036-8075},
  journaltitle = {Science},
  number = {4598},
  pages = {671--680},
  title = {Optimization by Simulated Annealing},
  volume = {220},
}

@article{Hopfield1985,
  author = {Hopfield, J. J. and Tank, D. W.},
  date = {1985-07-01},
  doi = {10.1007/BF00339943},
  issn = {1432-0770},
  journaltitle = {Biological Cybernetics},
  number = {3},
  pages = {141--152},
  title = {``Neural'' computation of decisions in optimization problems},
  volume = {52},
}

@article{Kamada1989,
  author = {Kamada, Tomihisa and Kawai, Satoru},
  date = {1989},
  doi = {10.1016/0020-0190(89)90102-6},
  issn = {0020-0190},
  journaltitle = {Information Processing Letters},
  number = {1},
  pages = {7--15},
  title = {An algorithm for drawing general undirected graphs},
  volume = {31},
}

@article{Cimikowski1996,
  author = {Cimikowski, A. and Shope, P.},
  date = {1996-03},
  doi = {10.1109/72.485670},
  issn = {1045-9227},
  journaltitle = {IEEE Transactions on Neural Networks},
  number = {2},
  pages = {341--345},
  title = {A neural-network algorithm for a graph layout problem},
  volume = {7},
}

@article{Purchase2002,
  author = {Purchase, H. C.},
  date = {2002},
  doi = {10.1016/S1045-926X(02)90232-6},
  journaltitle = {Journal of Visual Languages and Computing},
  number = {5},
  pages = {501--516},
  title = {Metrics for graph drawing aesthetics},
  volume = {13},
}

@article{Ware2002,
  author = {Ware, Colin and Purchase, Helen and Colpoys, Linda and McGill, Matthew},
  date = {2002},
  doi = {10.1057/palgrave.ivs.9500013},
  journaltitle = {Information Visualization},
  number = {2},
  pages = {103--110},
  title = {Cognitive Measurements of Graph Aesthetics},
  volume = {1},
}

@article{Refregier2003,
  author = {Refregier, Alexandre},
  date = {2003},
  doi = {10.1046/j.1365-8711.2003.05901.x},
  journaltitle = {Monthly Notices of the Royal Astronomical Society},
  number = {1},
  pages = {35--47},
  title = {Shapelets -- I. A method for image analysis},
  volume = {338},
}

@article{Abdi2010,
  author = {Abdi, Herv\'{e} and Williams, Lynne J.},
  publisher = {John Wiley {\&} Sons, Inc.},
  date = {2010},
  doi = {10.1002/wics.101},
  issn = {1939-0068},
  journaltitle = {Wiley Interdisciplinary Reviews: Computational Statistics},
  number = {4},
  pages = {433--459},
  title = {Principal component analysis},
  volume = {2},
}

@article{Giannouli2013,
  author = {Giannouli, Vaitsa},
  date = {2013},
  journaltitle = {Encephalos},
  pages = {31--42},
  title = {Visual symmetry perception},
  volume = {50},
}

@article{Huang2013,
  author = {Huang, Weidong and Eades, Peter and Hong, Seok-Hee and Lin, Chun-Cheng},
  date = {2013},
  doi = {https://doi.org/10.1016/j.jvlc.2011.12.002},
  issn = {1045-926X},
  journaltitle = {Journal of Visual Languages {\&} Computing},
  number = {4},
  pages = {262--272},
  title = {Improving multiple aesthetics produces better graph drawings},
  volume = {24},
}

@article{Huang2016,
  author = {Huang, Weidong and Huang, Mao Lin and Lin, Chun-Cheng},
  date = {2016},
  doi = {https://doi.org/10.1016/j.ins.2015.05.028},
  issn = {0020-0255},
  journaltitle = {Information Sciences},
  pages = {444--454},
  title = {Evaluating overall quality of graph visualizations based on aesthetics aggregation},
  volume = {330},
}

@article{Welch2017,
  author = {Welch, E. and Kobourov, S.},
  date = {2017},
  doi = {10.1111/cgf.13192},
  issn = {1467-8659},
  journaltitle = {Computer Graphics Forum},
  number = {3},
  pages = {341--351},
  title = {Measuring Symmetry in Drawings of Graphs},
  volume = {36},
}

@article{Kwon2018,
  author = {Kwon, O. H. and Crnovrsanin, T. and Ma, K. L.},
  date = {2018-01},
  doi = {10.1109/TVCG.2017.2743858},
  issn = {1077-2626},
  journaltitle = {IEEE Transactions on Visualization and Computer Graphics},
  number = {1},
  pages = {478--488},
  title = {What Would a Graph Look Like in this Layout? A Machine Learning Approach to Large Graph Visualization},
  volume = {24},
}

@article{Srivastava2014,
  author = {Srivastava, Nitish and Hinton, Geoffrey and Krizhevsky, Alex and Sutskever, Ilya and Salakhutdinov, Ruslan},
  url = {http://jmlr.org/papers/v15/srivastava14a.html},
  date = {2014},
  journaltitle = {Journal of Machine Learning Research},
  pages = {1929--1958},
  title = {Dropout: A Simple Way to Prevent Neural Networks from Overfitting},
  volume = {15},
}

@article{Suderman2014,
  author = {Suderman, Robert and Lizotte, Daniel and Mohieddin Abukhdeir, Nasser},
  booktitle = {Physical review. E, Statistical, nonlinear, and soft matter physics},
  date = {2014-04},
  title = {Theory and Application of Shapelets to the Analysis of Surface Self-assembly Imaging},
  volume = {91},
}

@thesis{Greengard1987,
  author = {Greengard, Leslie Frederick},
  location = {New Haven, CT, USA},
  publisher = {Yale University},
  date = {1987},
  note = {AAI8727216},
  title = {The Rapid Evaluation of Potential Fields in Particle Systems},
  type = {phdthesis},
}

@thesis{Klapaukh2014,
  author = {Klapaukh, Roman},
  institution = {Victoria University of Wellington},
  date = {2014},
  title = {An Empirical Evaluation of Force-Directed Graph Layout},
  type = {phdthesis},
}

@incollection{OEISA000290,
  author = {Sloane, Neil James Alexander and others},
  url = {https://oeis.org/A000290},
  booktitle = {The On-Line Encyclopedia of Integer Sequences},
  keywords = {transient},
  title = {The squares: $a(n)=n^2$},
  urldate = {2018-02-18},
}

@incollection{MathWorldGeoDist,
  author = {Weisstein, Eric W.},
  url = {http://mathworld.wolfram.com/GeometricDistribution.html},
  booktitle = {MathWorld -- A Wolfram Web Resource},
  keywords = {transient},
  title = {Geometric Distribution},
  urldate = {2018-03-06},
}

@incollection{MathWorldGramSchmidt,
  author = {Weisstein, Eric W.},
  url = {http://mathworld.wolfram.com/Gram-SchmidtOrthonormalization.html},
  booktitle = {MathWorld -- A Wolfram Web Resource},
  keywords = {transient},
  title = {Gram-Schmidt Orthonormalization},
  urldate = {2018-03-06},
}

@incollection{MathWorldNinit,
  author = {Weisstein, Eric W.},
  url = {http://mathworld.wolfram.com/NearestIntegerFunction.html},
  booktitle = {MathWorld -- A Wolfram Web Resource},
  keywords = {transient},
  title = {Nearest Integer Function},
  urldate = {2018-03-12},
}

@incollection{MathWorldKronDelta,
  author = {Weisstein, Eric W.},
  url = {http://mathworld.wolfram.com/KroneckerDelta.html},
  booktitle = {MathWorld -- A Wolfram Web Resource},
  keywords = {transient},
  title = {Kronecker Delta},
  urldate = {2018-03-12},
}

@incollection{MathWorldGaussian,
  author = {Weisstein, Eric W.},
  url = {http://mathworld.wolfram.com/GaussianFunction.html},
  booktitle = {MathWorld -- A Wolfram Web Resource},
  keywords = {transient},
  title = {Gaussian Function},
  urldate = {2018-03-12},
}

@incollection{WikiHistogram,
  url = {https://en.wikipedia.org/wiki/Histogram},
  booktitle = {Wikipedia -- The Free Encyclopedia},
  date = {2018-02-18},
  title = {Histogram},
  urldate = {2018-03-12},
}

@incollection{WikiQuasicrystal,
  url = {https://en.wikipedia.org/wiki/Quasicrystal},
  booktitle = {Wikipedia -- The Free Encyclopedia},
  date = {2018-02-18},
  title = {Quasicrystal},
  urldate = {2018-03-12},
}

@online{graphdrawing.org,
  url = {http://www.graphdrawing.org/},
  title = {Graph Drawing},
  urldate = {2018-02-15},
}

@online{NISTAvogadro,
  institution = {National Institute of Standards and Technology},
  url = {https://physics.nist.gov/cgi-bin/cuu/Value?na},
  date = {2014},
  subtitle = {Avogadro Constant},
  title = {The NIST Reference on Constants, Units, and Uncertainty},
  urldate = {2018-03-11},
}

@misc{TensorFlow,
  url = {https://tensorflow.org/},
  title = {Tensor Flow},
  urldate = {2018-02-22},
}

@misc{Keras,
  url = {https://keras.io/},
  title = {Keras},
  urldate = {2018-02-22},
}

@misc{GraphML,
  url = {http://graphml.graphdrawing.org/},
  title = {The GraphML File Format},
  urldate = {2018-01-30},
}
