% -*- coding:utf-8; mode:bibtex; -*-

% Copyright (C) 2018 Moritz Klammler <moritz.klammler@alumni.kit.edu>
% Copyright (C) 2018 Tamara Mchedlidze <mched@iti.uka.de>
% Copyright (C) 2018 Alexey Pak <alexey.pak@iosb.fraunhofer.de>
%
% Copying and distribution of this file, with or without modification, are permitted in any medium without royalty
% provided the copyright notice and this notice are preserved.  This file is offered as-is, without any warranty.

@thesis{MScThesis,
  author = {Klammler, Moritz},
  institution = {Karlsruhe Institute of Technology},
  url = {http://klammler.eu/msc/},
  date = {2018},
  title = {Aesthetic value of graph layouts: Investigation of statistical syndromes for automatic quantification},
  type = {Master's thesis},
}

@misc{Arxiv,
  author = {Klammler, Moritz and Mchedlidze, Tamara and Pak, Alexey},
  url = {https://arxiv.org/abs/1809.01017},
  date = {2018},
  title = {Aesthetic Discrimination of Graph Layouts},
}

@misc{GitHubRepo,
  author = {Klammler, Moritz and others},
  url = {https://github.com/5gon12eder/msc-graphstudy},
  title = {Source Code for Aesthetic Discrimination of Graph Layouts},
}
