% -*- coding:utf-8; mode:bibtex; -*-

% Copyright (C) 2018 Moritz Klammler <moritz.klammler@alumni.kit.edu>
% Copyright (C) 2018 Tamara Mchedlidze <mched@iti.uka.de>
% Copyright (C) 2018 Alexey Pak <alexey.pak@iosb.fraunhofer.de>
%
% Copying and distribution of this file, with or without modification, are permitted in any medium without royalty
% provided the copyright notice and this notice are preserved.  This file is offered as-is, without any warranty.

@inproceedings{HuangHE08,
  author = {Huang, Weidong and Hong, Seok{-}Hee and Eades, Peter},
  booktitle = {{IEEE} {VGTC} Pacific Visualization Symposium 2008, {PacificVis} 2008, Kyoto, Japan},
  date = {2008},
  doi = {10.1109/PACIFICVIS.2008.4475457},
  pages = {41--46},
  title = {Effects of Crossing Angles},
}

@proceedings{DBLP:conf/apvis/2008,
  publisher = {{IEEE} Computer Society},
  date = {2008},
  isbn = {978-1-4244-1966-1},
  title = {{IEEE} {VGTC} Pacific Visualization Symposium 2008, PacificVis 2008, Kyoto, Japan, March 5-7, 2008},
}

@inproceedings{HuangE05,
  author = {Huang, Weidong and Eades, Peter},
  editor = {Hong, Seok{-}Hee},
  booktitle = {Asia-Pacific Symposium on Information Visualisation, {APVIS} 2005, Sydney, Australia},
  date = {2005},
  pages = {51--58},
  title = {How People Read Graphs},
}

@article{Hahnloser2000,
  author = {Hahnloser, Richard H. R. and Sarpeshkar, Rahul and Mahowald, Misha A. and Douglas, Rodney J. and Seung, H. Sebastian},
  date = {2000-06},
  doi = {10.1038/35016072},
  journaltitle = {Nature},
  pages = {947--951},
  title = {Digital selection and analogue amplification coexist in a cortex-inspired silicon circuit},
  volume = {405},
}

@article{HuangHL16,
  author = {Huang, Weidong and Huang, Mao Lin and Lin, Chun-Cheng},
  date = {2016},
  doi = {10.1016/j.ins.2015.05.028},
  issn = {0020-0255},
  journaltitle = {Information Sciences},
  note = {{SI}:Visual Info Communication},
  pages = {444--454},
  title = {Evaluating overall quality of graph visualizations based on aesthetics aggregation},
  volume = {330},
}

@inproceedings{Nishiyama09,
  author = {Nishiyama, Masashi and Okabe, Takahiro and Sato, Yoichi and Sato, Imari},
  editor = {Gao, Wen and Rui, Yong and Hanjalic, Alan and Xu, Changsheng and Steinbach, Eckehard G. and El{-}Saddik, Abdulmotaleb and Zhou, Michelle X.},
  location = {Beijing, China},
  publisher = {ACM},
  booktitle = {Proceedings of the 17th ACM International Conference on Multimedia},
  date = {2009},
  doi = {10.1145/1631272.1631384},
  isbn = {978-1-60558-608-3},
  pages = {669--672},
  series = {MM '09},
  title = {Sensation-based Photo Cropping},
}

@inproceedings{DevLL16,
  author = {Dev, Kapil and Villar, Nicolas and Lau, Manfred},
  booktitle = {Proceedings of the symposium on Computational Aesthetics, {CAE} 2017, Los Angeles, California, USA},
  crossref = {DBLP:conf/cae/2017},
  date = {2017},
  doi = {10.1145/3092912.3092918},
  pages = {2:1--2:7},
  title = {Polygons, points, or voxels?: stimuli selection for crowdsourcing aesthetics preferences of 3D shape pairs},
}

@proceedings{DBLP:conf/cae/2017,
  editor = {Gooch, Bruce and Gingold, Yotam I. and Winnemoeller, Holger and Bartram, Lyn and Spencer, Stephen N.},
  publisher = {ACM},
  date = {2017},
  doi = {10.1145/3092912},
  isbn = {978-1-4503-5080-8},
  title = {Proceedings of the symposium on Computational Aesthetics, {CAE} '17, Los Angeles, California, USA, July 29-30, 2017},
}

@article{Fredrickson98,
  author = {Fredrickson, Barbara L.},
  date = {1998},
  journaltitle = {Review of General Psychology},
  pages = {300--319},
  title = {What good are positive emotions},
  volume = {2},
}

@article{Norman02,
  author = {Norman, Donald A.},
  date = {2002},
  doi = {10.1145/543434.543435},
  journaltitle = {Interactions},
  number = {4},
  pages = {36--42},
  title = {Emotion {\&} design: attractive things work better},
  volume = {9},
}

@article{FruchtermanR91,
  author = {Fruchterman, Thomas M. J. and Reingold, Edward M.},
  date = {1991},
  doi = {10.1002/spe.4380211102},
  journaltitle = {Softw., Pract. Exper.},
  number = {11},
  pages = {1129--1164},
  title = {Graph Drawing by Force-directed Placement},
  volume = {21},
}

@article{eades84,
  author = {Eades, Peter},
  date = {1984},
  journaltitle = {Congressus Numerantium},
  pages = {149--160},
  title = {A heuristic for graph drawing},
  volume = {24},
}

@article{TractinskyKI00,
  author = {Tractinsky, Noam and Katz, A. S. and Ikar, D.},
  date = {2000},
  doi = {10.1016/S0953-5438(00)00031-X},
  journaltitle = {Interacting with Computers},
  number = {2},
  pages = {127--145},
  title = {What is beautiful is usable},
  volume = {13},
}

@thesis{Moritz18,
  author = {Klammler, Moritz},
  institution = {Karlsruhe Institute of Technology},
  url = {http://klammler.eu/msc/},
  date = {2018},
  title = {Aesthetic value of graph layouts: Investigation of statistical syndromes for automatic quantification},
  type = {Master's thesis},
}

@article{DuncanEGKN12,
  author = {Duncan, Christian A. and Eppstein, David and Goodrich, Michael T. and Kobourov, Stephen G. and N\"{o}llenburg, Martin},
  date = {2012},
  journaltitle = {J. Graph Algorithms Appl.},
  number = {1},
  pages = {85--108},
  title = {Lombardi Drawings of Graphs},
  volume = {16},
}

@inproceedings{PurchaseCM96,
  author = {Purchase, Helen C. and Cohen, Robert F. and James, Murray},
  editor = {Brandenburg, Franz{-}Josef},
  publisher = {Springer Berlin Heidelberg},
  booktitle = {Proceedings of the 4th International Symposium on Graph Drawing, {GD} 1996, Passau, Germany},
  date = {1996},
  doi = {10.1007/BFb0021827},
  pages = {435--446},
  series = {Lecture Notes in Computer Science},
  title = {Validating graph drawing aesthetics},
  volume = {1027},
}

@article{WarePCM02,
  author = {Ware, Colin and Purchase, Helen C. and Colpoys, Linda and McGill, Matthew},
  date = {2002},
  doi = {10.1057/palgrave.ivs.9500013},
  journaltitle = {Information Visualization},
  number = {2},
  pages = {103--110},
  title = {Cognitive measurements of graph aesthetics},
  volume = {1},
}

@inproceedings{PurchaseHNK12,
  author = {Purchase, Helen C. and Hamer, John and N\"{o}llenburg, Martin and Kobourov, Stephen G.},
  editor = {Didimo, Walter and Patrignani, Maurizio},
  publisher = {Springer Berlin Heidelberg},
  booktitle = {Proceedings of the 20th International Symposium on Graph Drawing, {GD} 2012, Redmond, USA},
  date = {2012},
  doi = {10.1007/978-3-642-36763-2\_40},
  pages = {451--462},
  title = {On the Usability of {Lombardi} Graph Drawings},
  volume = {7704},
}

@inproceedings{Purchase97,
  author = {Purchase, Helen C.},
  editor = {Battista, Giuseppe Di},
  booktitle = {Proceedings of the 5th International Symposium on Graph Drawing, {GD} 1997, Rome, Italy},
  date = {1997},
  doi = {10.1007/3-540-63938-1\_67},
  pages = {248--261},
  series = {Lecture Notes in Computer Science},
  title = {Which Aesthetic has the Greatest Effect on Human Understanding?},
  volume = {1353},
}

@inproceedings{Huang10,
  author = {Huang, Weidong and Huang, Maolin},
  editor = {Dai, Guozhong and Zhang, Kang and Huang, Mao Lin and Wang, Hongan and Yuan, Xiaoru and Tao, Linmi and Chen, Wei},
  location = {Beijing, China},
  publisher = {ACM},
  booktitle = {Proceedings of the 3rd International Symposium on Visual Information Communication},
  date = {2010},
  doi = {10.1145/1865841.1865854},
  isbn = {978-1-4503-0436-8},
  pages = {1--8},
  series = {VINCI '10},
  title = {Exploring the Relative Importance of Crossing Number and Crossing Angle},
}

@article{PURCHASE98,
  author = {Purchase, Helen C.},
  date = {1998},
  doi = {10.1006/jvlc.1998.0093},
  issn = {1045-926X},
  journaltitle = {Journal of Visual Languages and Computing},
  number = {6},
  pages = {647--657},
  title = {Performance of Layout Algorithms: Comprehension, not Computation},
  volume = {9},
}

@article{Kwon18,
  author = {Kwon, O. H. and Crnovrsanin, T. and Ma, K. L.},
  date = {2018-01},
  doi = {10.1109/TVCG.2017.2743858},
  issn = {1077-2626},
  journaltitle = {IEEE Transactions on Visualization and Computer Graphics},
  number = {1},
  pages = {478--488},
  title = {What Would a Graph Look Like in this Layout? {A} Machine Learning Approach to Large Graph Visualization},
  volume = {24},
}

@inproceedings{Barbosa2001,
  author = {Barbosa, Helio J. C. and Barreto, Andr\'{e} M. S.},
  editor = {Spector, Lee and Goodman, Erik D. and Wu, Annie and Langdon, W. B. and Voigt, Hans-Michael},
  location = {San Francisco, California},
  publisher = {Morgan Kaufmann Publishers Inc.},
  booktitle = {Proceedings of the 3rd Annual Conference on Genetic and Evolutionary Computation},
  date = {2001},
  isbn = {978-1-55860-774-3},
  pages = {203--210},
  series = {GECCO'01},
  title = {An Interactive Genetic Algorithm with Co-evolution of Weights for Multiobjective Problems},
}

@misc{Rosete-Suarez99,
  author = {Rosete-Suarez, A. and Sebag, M. and Ochoa-Rodriguez, A.},
  date = {1999},
  note = {Laboratoire de Recherche en Informatique (LRI), Universite Paris-Sud XI, Tech. Rep. 1228},
  title = {A study of Evolutionary Graph Drawing},
}

@inproceedings{Sponemann14,
  author = {Sp\"{o}nemann, Miro and Duderstadt, Bj\"{o}rn and von Hanxleden, Reinhard},
  editor = {Dwyer, Tim and Purchase, Helen C. and Delaney, Aidan},
  publisher = {Springer Berlin Heidelberg},
  booktitle = {Proceedings of 8th International Conference on Diagrammatic Representation and Inference, Diagrams 2014, Melbourne, VIC, Australia},
  date = {2014},
  doi = {10.1007/978-3-662-44043-8\_3},
  pages = {16--30},
  title = {Evolutionary Meta Layout of Graphs},
}

@article{EadesH0K17,
  author = {Eades, Peter and Hong, Seok{-}Hee and Nguyen, An and Klein, Karsten},
  date = {2017},
  doi = {10.7155/jgaa.00405},
  journaltitle = {J. Graph Algorithms Appl.},
  number = {1},
  pages = {29--53},
  title = {Shape-Based Quality Metrics for Large Graph Visualization},
  volume = {21},
}

@book{Lindenmayer1990,
  author = {Prusinkiewicz, Przemyslaw and Lindenmayer, Aristid},
  publisher = {Springer},
  date = {1990},
  isbn = {978-0-387-97297-8},
  title = {The Algorithmic Beauty of Plants},
}

@book{Cover1991,
  author = {Cover, T. M. and Thomas, J. A.},
  publisher = {Wiley},
  date = {1991},
  isbn = {978-0-471-06259-2},
  series = {Wiley series in telecommunications},
  title = {Elements of information theory},
}

@book{Golub1996,
  author = {Golub, Gene H. and van Loan, Charles F.},
  publisher = {Johns Hopkins University Press},
  date = {1996},
  edition = {3},
  isbn = {978-0-8018-5414-9},
  title = {Matrix Computations},
}

@book{Press2007,
  author = {Press, W. H. and Teukolsky, S. A. and Vetterling, W. T. and Flannery, B. P.},
  publisher = {Cambridge University Press},
  date = {2007},
  edition = {3},
  isbn = {978-0-521-88068-8},
  title = {Numerical Recipes: The Art of Scientific Computing},
}

@book{Mitchell1996,
  author = {Mitchell, Melanie},
  publisher = {MIT Press},
  date = {1996},
  isbn = {978-0-585-03094-4},
  title = {An Introduction to Genetic Algorithms},
}

@book{Jolliffe2002,
  author = {Jolliffe, I. T.},
  publisher = {Springer},
  date = {2002},
  doi = {10.1007/b98835},
  edition = {2},
  isbn = {978-0-387-95442-4},
  title = {Principal Component Analysis},
}

@book{Sanders2008,
  author = {Mehlhorn, K. and Sanders, P.},
  publisher = {Springer},
  date = {2008},
  doi = {10.1007/978-3-540-77978-0},
  isbn = {978-3-540-77977-3},
  title = {Algorithms and Data Structures: The Basic Toolbox},
}

@book{Findenegg2015,
  author = {Findenegg, Gerhard H. and Hellweg, Thomas},
  publisher = {Springer Spektrum},
  date = {2015},
  doi = {10.1007/978-3-642-37872-0},
  edition = {2},
  isbn = {978-3-642-37871-3},
  title = {Statistische Thermodynamik},
}

@book{Lombardi2003,
  author = {Lombardi, Mark},
  editor = {Hobbs, Robert Carleton and Richards, Judith},
  publisher = {Independent Curators International},
  date = {2003},
  isbn = {978-0-916365-67-7},
  title = {Global Networks},
}

@book{Tollis1999,
  author = {Tollis, Ioannis G. and Di Battista, Giuseppe and Eades, Peter and Tamassia, Roberto},
  publisher = {Pearson},
  date = {1999},
  isbn = {978-0-13-301615-4},
  title = {Graph Drawing: Algorithms for the Visualization of Graphs},
}

@book{Tamassia2013,
  author = {Tamassia, R.},
  publisher = {CRC Press},
  date = {2013},
  isbn = {978-1-4200-1026-8},
  series = {Discrete Mathematics and Its Applications},
  title = {Handbook of Graph Drawing and Visualization},
}

@inbook{Jaynes1963,
  author = {Jaynes, E. T.},
  editor = {Ford, K.},
  publisher = {Benjamin},
  booktitle = {Statistical Physics},
  date = {1963},
  number = {3},
  pages = {181--218},
  series = {Brandeis University Summer Institute Lectures in Theoretical Physics},
  title = {Information Theory and Statistical Mechanics},
}

@incollection{MatrixMarket,
  author = {Boisvert, Ronald F. and Pozo, Roldan and Remington, Karin and Barrett, Richard F. and Dongarra, Jack J.},
  editor = {Boisvert, Ronald F.},
  publisher = {Springer},
  booktitle = {Quality of Numerical Software: Assessment and enhancement},
  date = {1997},
  doi = {10.1007/978-1-5041-2940-4\_9},
  isbn = {978-1-5041-2940-4},
  pages = {125--137},
  title = {Matrix Market: a web resource for test matrix collections},
}

@inbook{LeCun1998,
  author = {LeCun, Yann and Bottou, Leon and Orr, Genevieve B. and M\"{u}ller, Klaus-Robert},
  editor = {Orr, Genevieve B. and M\"{u}ller, Klaus-Robert},
  publisher = {Springer Berlin Heidelberg},
  booktitle = {Neural Networks: Tricks of the Trade},
  date = {1998},
  doi = {10.1007/3-540-49430-8\_2},
  isbn = {978-3-540-49430-0},
  pages = {9--50},
  title = {Efficient BackProp},
}

@inbook{Kobourov2013,
  author = {Kobourov, Stephen G.},
  editor = {Tamassia, Roberto},
  publisher = {CRC Press},
  booktitle = {Handbook of Graph Drawing and Visualization},
  chapter = {12},
  date = {2013},
  isbn = {978-1-4200-1026-8},
  pages = {383--408},
  title = {Force-Directed Drawing Algorithms},
}

@inbook{OGDF,
  author = {Chimani, M. and Gutwenger, C. and J\"{u}nger, M. and Klau, G. W. and Klein, K. and Mutzel, P.},
  editor = {Tamassia, Roberto},
  publisher = {CRC Press},
  booktitle = {Handbook of Graph Drawing and Visualization},
  chapter = {17},
  date = {2013},
  isbn = {978-1-4200-1026-8},
  pages = {543--570},
  title = {The Open Graph Drawing Framework (OGDF)},
}

@inproceedings{Masui1994,
  author = {Masui, Toshiyuki},
  editor = {Szekely, Pedro A.},
  location = {Marina del Rey, California, USA},
  publisher = {ACM},
  booktitle = {Proceedings of the 7th Annual ACM Symposium on User Interface Software and Technology},
  date = {1994},
  doi = {10.1145/192426.192468},
  isbn = {978-0-89791-657-8},
  pages = {103--108},
  series = {UIST '94},
  title = {Evolutionary Learning of Graph Layout Constraints from Examples},
}

@article{Bromley1994,
  author = {Bromley, Jane and Guyon, Isabelle and LeCun, Yann and S\"{a}ckinger, Eduard and Shah, Roopak},
  editor = {Jiang, X. and Wang, P. S. P.},
  publisher = {World Scientific},
  date = {1994},
  doi = {10.1142/S0218001493000339},
  journaltitle = {Advances in Neural Information Processing Systems},
  pages = {737--744},
  title = {Signature verification using a ``Siamese'' time delay neural network},
}

@inproceedings{Kohavi1995,
  author = {Kohavi, Ron},
  publisher = {Morgan Kaufmann},
  booktitle = {Proceedings of the 14th International Joint Conference on Artificial Intelligence, {IJCAI} 95, Montr\'{e}al Qu\'{e}bec, Canada, 2 Volumes},
  date = {1995},
  pages = {1137--1145},
  title = {A study of cross-validation and bootstrap for accuracy estimation and model selection},
}

@inproceedings{Meyer1998,
  author = {Meyer, Bernd},
  publisher = {Springer Berlin Heidelberg},
  booktitle = {Proceedings of the 6th International Symposium on Graph Drawing, Montreal, Canada},
  date = {1998},
  isbn = {978-3-540-37623-1},
  pages = {246--262},
  title = {Self-Organizing Graphs -- A Neural Network Perspective of Graph Layout},
}

@inproceedings{GraphMLReport,
  author = {Brandes, Ulrik and Eiglsperger, Markus and Herman, Ivan and Himsolt, Michael and Marshall, M. Scott},
  publisher = {Springer},
  booktitle = {Proceedings of the 10th International Symposium on Graph Drawing, Irvine, CA, USA},
  date = {2002},
  doi = {10.1007/3-540-45848-4\_59},
  isbn = {978-3-540-45848-7},
  pages = {501--512},
  title = {GraphML Progress Report Structural Layer Proposal},
}

@inproceedings{Hachul2005,
  author = {Hachul, Stefan and J\"{u}nger, Michael},
  editor = {Pach, J\'{a}nos},
  publisher = {Springer Berlin Heidelberg},
  booktitle = {Proceedings of the 13th International Symposium on Graph Drawing, Limerick, Ireland},
  date = {2005},
  doi = {10.1007/978-3-540-31843-9\_29},
  isbn = {978-3-540-31843-9},
  pages = {285--295},
  title = {Drawing Large Graphs with a Potential-Field-Based Multilevel Algorithm},
}

@inproceedings{Gansner2005,
  author = {Gansner, Emden R. and Koren, Yehuda and North, Stephen},
  publisher = {Springer Berlin Heidelberg},
  booktitle = {Proceedings of the 13th International Symposium on Graph Drawing, Limerick, Ireland},
  date = {2005},
  doi = {10.1007/978-3-540-31843-9\_25},
  isbn = {978-3-540-31843-9},
  pages = {239--250},
  title = {Graph Drawing by Stress Majorization},
}

@article{Schaefer2006,
  author = {Schaefer, Scott and McPhail, Travis and Warren, Joe},
  organization = {ACM},
  date = {2006},
  doi = {10.1145/1141911.1141920},
  journaltitle = {{ACM} Trans. Graph.},
  number = {3},
  pages = {533--540},
  title = {Image Deformation Using Moving Least Squares},
  volume = {25},
}

@inproceedings{Brandes2007,
  author = {Brandes, Ulrik and Pich, Christian},
  publisher = {Springer Berlin Heidelberg},
  booktitle = {Proceedings of the 15th International Symposium on Graph Drawing, Sydney, Australia},
  date = {2007},
  doi = {10.1007/978-3-540-70904-6\_6},
  isbn = {978-3-540-70904-6},
  pages = {42--53},
  title = {Eigensolver Methods for Progressive Multidimensional Scaling of Large Data},
}

@inproceedings{Koren2008,
  author = {Koren, Yehuda and \c{C}ivril, Ali},
  publisher = {Springer},
  booktitle = {Proceedings of the 16th International Symposium on Graph Drawing, Crete, Greece},
  date = {2008},
  pages = {193--205},
  title = {The binary stress model for graph drawing},
}

@inproceedings{Bach2012,
  author = {Bach, Benjamin and Spritzer, Andr\'{e} and Lutton, Evelyne and Fekete, Jean-Daniel},
  publisher = {Springer},
  booktitle = {Proceedings of the 20th International Symposium on Graph Drawing, Redmond, WA, USA},
  date = {2012-09},
  doi = {10.1007/978-3-642-36763-2\_48},
  pages = {541--552},
  series = {Lecture Notes in Computer Science},
  title = {Interactive Random Graph Generation with Evolutionary Algorithms},
  volume = {7704},
}

@inproceedings{Purchase2013,
  author = {Purchase, Helen C. and Hamer, John and N\"{o}llenburg, Martin and Kobourov, Stephen G.},
  publisher = {Springer Berlin Heidelberg},
  booktitle = {Proceedings of the 21st International Symposium on Graph Drawing, Bordeaux, France},
  date = {2013},
  isbn = {978-3-642-36763-2},
  pages = {451--462},
  title = {On the Usability of Lombardi Graph Drawings},
}

@inproceedings{Raissa2015,
  author = {dos Santos Vieira, Raissa and do Nascimento, Hugo Alexandre Dantas and da Silva, Wanderson Barcelos},
  booktitle = {Proceedings og the 7th International Conference on Information, Process, and Knowledge Management, {eKNOW} 2015, Lisbon, Portugal},
  date = {2015},
  pages = {112--118},
  title = {The Application of Machine Learning to Problems in Graph Drawing -- A Literature Review},
}

@article{Dirac1939,
  author = {Dirac, P. A. M.},
  publisher = {Cambridge University Press},
  date = {1939},
  doi = {10.1017/S0305004100021162},
  journaltitle = {Mathematical Proceedings of the Cambridge Philosophical Society},
  number = {3},
  pages = {416--418},
  title = {A new notation for quantum mechanics},
  volume = {35},
}

@article{Shannon1948,
  author = {Shannon, Claude Elwood},
  publisher = {Nokia Bell Labs},
  date = {1948-10},
  doi = {10.1002/j.1538-7305.1948.tb00917.x},
  journaltitle = {The Bell System Technical Journal},
  number = {4},
  pages = {623--656},
  title = {A mathematical theory of communication},
  volume = {27},
}

@article{Floyd1962,
  author = {Floyd, Robert W.},
  publisher = {ACM},
  date = {1962-06},
  doi = {10.1145/367766.368168},
  issn = {0001-0782},
  journaltitle = {Communications of the ACM},
  number = {6},
  title = {Algorithm 97: Shortest Path},
  volume = {5},
}

@article{Dial1969,
  author = {Dial, Robert B.},
  publisher = {ACM},
  date = {1969-11},
  doi = {10.1145/363269.363610},
  issn = {0001-0782},
  journaltitle = {Communications of the ACM},
  number = {11},
  pages = {632--633},
  title = {Algorithm 360: Shortest-path Forest with Topological Ordering [H]},
  volume = {12},
}

@article{Lazo1978,
  author = {Lazo, Aida C. G. Verdugo and Rathie, Pushpa N.},
  date = {1978},
  doi = {10.1109/TIT.1978.1055832},
  journaltitle = {IEEE Transactions on Information Theory},
  number = {1},
  pages = {120--122},
  title = {On the entropy of continuous probability distributions},
  volume = {24},
}

@article{Scott1979,
  author = {Scott, David W.},
  date = {1979},
  doi = {10.1093/biomet/66.3.605},
  journaltitle = {Biometrika},
  number = {3},
  pages = {605--610},
  title = {On optimal and data-based histograms},
  volume = {66},
}

@article{Kirkpatrick1983,
  author = {Kirkpatrick, S. and Gelatt, C. D. and Vecchi, M. P.},
  publisher = {American Association for the Advancement of Science},
  date = {1983},
  doi = {10.1126/science.220.4598.671},
  eprint = {http://science.sciencemag.org/content/220/4598/671.full.pdf},
  issn = {0036-8075},
  journaltitle = {Science},
  number = {4598},
  pages = {671--680},
  title = {Optimization by Simulated Annealing},
  volume = {220},
}

@article{Hopfield1985,
  author = {Hopfield, J. J. and Tank, D. W.},
  date = {1985-07-01},
  doi = {10.1007/BF00339943},
  issn = {1432-0770},
  journaltitle = {Biological Cybernetics},
  number = {3},
  pages = {141--152},
  title = {``Neural'' computation of decisions in optimization problems},
  volume = {52},
}

@article{Kamada1989,
  author = {Kamada, Tomihisa and Kawai, Satoru},
  date = {1989},
  doi = {10.1016/0020-0190(89)90102-6},
  issn = {0020-0190},
  journaltitle = {Information Processing Letters},
  number = {1},
  pages = {7--15},
  title = {An algorithm for drawing general undirected graphs},
  volume = {31},
}

@article{Cimikowski1996,
  author = {Cimikowski, A. and Shope, P.},
  date = {1996-03},
  doi = {10.1109/72.485670},
  issn = {1045-9227},
  journaltitle = {IEEE Transactions on Neural Networks},
  number = {2},
  pages = {341--345},
  title = {A neural-network algorithm for a graph layout problem},
  volume = {7},
}

@article{Purchase2002,
  author = {Purchase, H. C.},
  date = {2002},
  doi = {10.1016/S1045-926X(02)90232-6},
  journaltitle = {Journal of Visual Languages and Computing},
  number = {5},
  pages = {501--516},
  title = {Metrics for graph drawing aesthetics},
  volume = {13},
}

@article{Ware2002,
  author = {Ware, Colin and Purchase, Helen and Colpoys, Linda and McGill, Matthew},
  date = {2002},
  doi = {10.1057/palgrave.ivs.9500013},
  journaltitle = {Information Visualization},
  number = {2},
  pages = {103--110},
  title = {Cognitive Measurements of Graph Aesthetics},
  volume = {1},
}

@article{Refregier2003,
  author = {Refregier, Alexandre},
  date = {2003},
  doi = {10.1046/j.1365-8711.2003.05901.x},
  journaltitle = {Monthly Notices of the Royal Astronomical Society},
  number = {1},
  pages = {35--47},
  title = {Shapelets -- I. A method for image analysis},
  volume = {338},
}

@article{Abdi2010,
  author = {Abdi, Herv\'{e} and Williams, Lynne J.},
  publisher = {John Wiley {\&} Sons, Inc.},
  date = {2010},
  doi = {10.1002/wics.101},
  issn = {1939-0068},
  journaltitle = {Wiley Interdisciplinary Reviews: Computational Statistics},
  number = {4},
  pages = {433--459},
  title = {Principal component analysis},
  volume = {2},
}

@article{Giannouli2013,
  author = {Giannouli, Vaitsa},
  date = {2013},
  journaltitle = {Encephalos},
  pages = {31--42},
  title = {Visual symmetry perception},
  volume = {50},
}

@article{Huang2013,
  author = {Huang, Weidong and Eades, Peter and Hong, Seok-Hee and Lin, Chun-Cheng},
  date = {2013},
  doi = {10.1016/j.jvlc.2011.12.002},
  issn = {1045-926X},
  journaltitle = {Journal of Visual Languages and Computing},
  number = {4},
  pages = {262--272},
  title = {Improving multiple aesthetics produces better graph drawings},
  volume = {24},
}

@article{Welch2017,
  author = {Welch, E. and Kobourov, S.},
  date = {2017},
  doi = {10.1111/cgf.13192},
  issn = {1467-8659},
  journaltitle = {Computer Graphics Forum},
  number = {3},
  pages = {341--351},
  title = {Measuring Symmetry in Drawings of Graphs},
  volume = {36},
}

@article{Kwon2018,
  author = {Kwon, O. H. and Crnovrsanin, T. and Ma, K. L.},
  date = {2018-01},
  doi = {10.1109/TVCG.2017.2743858},
  issn = {1077-2626},
  journaltitle = {IEEE Transactions on Visualization and Computer Graphics},
  number = {1},
  pages = {478--488},
  title = {What Would a Graph Look Like in this Layout? A Machine Learning Approach to Large Graph Visualization},
  volume = {24},
}

@article{Srivastava2014,
  author = {Srivastava, Nitish and Hinton, Geoffrey and Krizhevsky, Alex and Sutskever, Ilya and Salakhutdinov, Ruslan},
  date = {2014},
  journaltitle = {Journal of Machine Learning Research},
  number = {1},
  pages = {1929--1958},
  title = {Dropout: A Simple Way to Prevent Neural Networks from Overfitting},
  volume = {15},
}

@article{Suderman2014,
  author = {Suderman, Robert and Lizotte, Daniel J. and Abukhdeir, Nasser Mohieddin},
  publisher = {American Physical Society},
  date = {2015-03},
  doi = {10.1103/PhysRevE.91.033307},
  issue = {3},
  journaltitle = {Phys. Rev. E},
  pages = {033307},
  title = {Theory and application of shapelets to the analysis of surface self-assembly imaging},
  volume = {91},
}

@thesis{Greengard1987,
  author = {Greengard, Leslie Frederick},
  publisher = {Yale University},
  date = {1987},
  note = {AAI8727216},
  title = {The Rapid Evaluation of Potential Fields in Particle Systems},
  type = {phdthesis},
}

@thesis{Klapaukh2014,
  author = {Klapaukh, Roman},
  institution = {Victoria University of Wellington},
  date = {2014},
  title = {An Empirical Evaluation of Force-Directed Graph Layout},
  type = {phdthesis},
}

@misc{TensorFlow,
  author = {Google and others},
  url = {https://tensorflow.org/},
  title = {Tensor Flow},
  urldate = {2018-02-22},
}

@misc{Keras,
  author = {Chollet, Fran\c{c}ois and others},
  url = {https://keras.io/},
  title = {Keras},
  urldate = {2018-02-22},
}

@misc{GitHubRepo,
  author = {Klammler, Moritz and others},
  url = {https://github.com/5gon12eder/msc-graphstudy},
  title = {Source Code for Aesthetic Discrimination of Graph Layouts},
}
